<record><leader>00000cas a2200000Ia 4500</leader><controlfield tag="001">30504524</controlfield><controlfield tag="007">hd bfu---buca</controlfield><controlfield tag="008">940527d186518uunbucr nea     0   a0eng d</controlfield><datafield ind1=" " ind2=" " tag="010"><subfield code="a">sn 95073729 </subfield></datafield><datafield ind1=" " ind2=" " tag="040"><subfield code="a">MAC</subfield><subfield code="b">eng</subfield><subfield code="c">MAC</subfield><subfield code="d">NVG</subfield><subfield code="d">OCLCQ</subfield></datafield><datafield ind1="0" ind2="4" tag="245"><subfield code="a">The Frontier index.</subfield></datafield><datafield ind1=" " ind2=" " tag="260"><subfield code="a">Kearney [i.e. Fort Kearny, Neb.] :</subfield><subfield code="b">Freeman &amp; Ainsworth</subfield></datafield><datafield ind1=" " ind2=" " tag="300"><subfield code="a">volumes</subfield></datafield><datafield ind1=" " ind2=" " tag="310"><subfield code="a">Semiweekly,</subfield><subfield code="b">&lt;1867-1868&gt;</subfield></datafield><datafield ind1=" " ind2=" " tag="336"><subfield code="a">text</subfield><subfield code="b">txt</subfield><subfield code="2">rdacontent</subfield></datafield><datafield ind1=" " ind2=" " tag="337"><subfield code="a">microform</subfield><subfield code="b">h</subfield><subfield code="2">rdamedia</subfield></datafield><datafield ind1=" " ind2=" " tag="338"><subfield code="a">microfilm reel</subfield><subfield code="b">hd</subfield><subfield code="2">rdacarrier</subfield></datafield><datafield ind1="1" ind2=" " tag="362"><subfield code="a">Began in 1865.</subfield></datafield><datafield ind1=" " ind2=" " tag="500"><subfield code="a">Published in North Platte, Neb., 186 ; Julesburg, Neb. [Colo.], 186&lt;7&gt;; Fort Sanders, D.T. [Wyo.], &lt;Mar.&gt; 1868; Laramie City, D.T. [Wyo.], &lt;Apr.&gt;-July 1868; Green River City, D.T. [Wyo.], Aug.-Oct. 1868; Bear River City, Wyo., Oct.-Nov. 1868.</subfield></datafield><datafield ind1=" " ind2=" " tag="500"><subfield code="a">Pioneer paper of the plains--of the successive terminal towns of the Union Pacific Railroad and Territory of Wyoming.</subfield></datafield><datafield ind1=" " ind2=" " tag="500"><subfield code="a">Microfilmed from originals in the Bancroft Library, University of California, Berkeley.</subfield></datafield><datafield ind1=" " ind2=" " tag="500"><subfield code="a">Last issue located: Nov. 17, 1868.</subfield></datafield><datafield ind1=" " ind2=" " tag="515"><subfield code="a">Vol. numbering dropped by Mar. 6, 1868.</subfield></datafield><datafield ind1="0" ind2=" " tag="588"><subfield code="a">Vol. 1, no. 10 (July 5, 1867).</subfield></datafield><datafield ind1=" " ind2=" " tag="533"><subfield code="a">Microfilm.</subfield><subfield code="m">1867 (July 26), 1868 (Mar.-Nov.)</subfield><subfield code="b">[Calif.] :</subfield><subfield code="c">University of California, Library Photographic Service,</subfield><subfield code="d">[1968?].</subfield><subfield code="e">1 microfilm reel : negative ; 35 mm.</subfield></datafield><datafield ind1=" " ind2=" " tag="539"><subfield code="a">d</subfield><subfield code="b">1867</subfield><subfield code="c">1868</subfield><subfield code="d">cau</subfield><subfield code="e">u</subfield><subfield code="f">u</subfield><subfield code="g">a</subfield></datafield><datafield ind1=" " ind2=" " tag="752"><subfield code="a">United States</subfield><subfield code="b">Wyoming</subfield><subfield code="c">Uinta</subfield><subfield code="d">Bear River City.</subfield></datafield><datafield ind1=" " ind2=" " tag="752"><subfield code="a">United States</subfield><subfield code="b">Nebraska</subfield><subfield code="c">Kearney</subfield><subfield code="d">Fort Kearny.</subfield></datafield><datafield ind1=" " ind2=" " tag="752"><subfield code="a">United States</subfield><subfield code="b">Nebraska</subfield><subfield code="c">Lincoln</subfield><subfield code="d">North Platte.</subfield></datafield><datafield ind1=" " ind2=" " tag="752"><subfield code="a">United States</subfield><subfield code="b">Colorado</subfield><subfield code="c">Sedgwick</subfield><subfield code="d">Julesburg.</subfield></datafield><datafield ind1=" " ind2=" " tag="752"><subfield code="a">United States</subfield><subfield code="b">Wyoming</subfield><subfield code="c">Albany</subfield><subfield code="d">Fort Sanders.</subfield></datafield><datafield ind1=" " ind2=" " tag="752"><subfield code="a">United States</subfield><subfield code="b">Wyoming</subfield><subfield code="c">Albany</subfield><subfield code="d">Laramie.</subfield></datafield><datafield ind1=" " ind2=" " tag="752"><subfield code="a">United States</subfield><subfield code="b">Wyoming</subfield><subfield code="c">Sweetwater</subfield><subfield code="d">Green River.</subfield></datafield><datafield ind1="1" ind2=" " tag="776"><subfield code="c">Original</subfield><subfield code="w">(DLC)sn 84022156</subfield></datafield><datafield ind1="0" ind2="0" tag="780"><subfield code="t">Kearney herald (Fort Kearny, Neb.)</subfield></datafield></record>